<record><leader>00000cas a2200000 a 4500</leader><controlfield tag="001">10828335</controlfield><controlfield tag="008">840611c19659999caudn ne      0   a0eng c</controlfield><datafield ind1=" " ind2=" " tag="010"><subfield code="a">sn 84008635 </subfield></datafield><datafield ind1=" " ind2=" " tag="040"><subfield code="a">NSD</subfield><subfield code="b">eng</subfield><subfield code="c">NSD</subfield><subfield code="d">CNK</subfield><subfield code="d">OCLCQ</subfield><subfield code="d">CNK</subfield><subfield code="d">CRU</subfield><subfield code="d">OCLCQ</subfield><subfield code="d">OCLCF</subfield><subfield code="d">OCLCO</subfield></datafield><datafield ind1=" " ind2=" " tag="012"><subfield code="m">1</subfield></datafield><datafield ind1="1" ind2=" " tag="022"><subfield code="a">0747-4180</subfield><subfield code="l">0747-4180</subfield><subfield code="2">1</subfield></datafield><datafield ind1="1" ind2=" " tag="029"><subfield code="a">AU@</subfield><subfield code="b">000020335020</subfield></datafield><datafield ind1=" " ind2=" " tag="032"><subfield code="a">480660</subfield><subfield code="b">USPS</subfield></datafield><datafield ind1=" " ind2=" " tag="037"><subfield code="b">News-Pilot, 5215 Torrance Blvd., Torrance, CA 90509</subfield></datafield><datafield ind1=" " ind2=" " tag="042"><subfield code="a">nsdp</subfield><subfield code="a">pcc</subfield></datafield><datafield ind1="1" ind2="4" tag="050"><subfield code="a">AN1.C36</subfield><subfield code="b">S26471</subfield></datafield><datafield ind1=" " ind2="0" tag="222"><subfield code="a">News-pilot</subfield></datafield><datafield ind1="0" ind2="0" tag="245"><subfield code="a">News-pilot.</subfield></datafield><datafield ind1="3" ind2=" " tag="246"><subfield code="a">News pilot</subfield></datafield><datafield ind1=" " ind2=" " tag="260"><subfield code="a">San Pedro, Calif. :</subfield><subfield code="b">San Pedro Printing and Pub. Co.</subfield></datafield><datafield ind1=" " ind2=" " tag="310"><subfield code="a">Daily (except Sunday and certain holidays)</subfield></datafield><datafield ind1="0" ind2=" " tag="362"><subfield code="a">Vol. 38, no. 248 (Dec. 20, 1965)-</subfield></datafield><datafield ind1=" " ind2=" " tag="500"><subfield code="a">Published in: Torrance, Calif., &lt;May 1984-&gt;</subfield></datafield><datafield ind1=" " ind2=" " tag="530"><subfield code="a">Master negatives are available for duplication from:</subfield><subfield code="b">California Newspaper Microfilm Archive;</subfield><subfield code="c">positive copies may be purchased by the reel; for further information consult the CNMA at:</subfield><subfield code="u">http://cbsr.ucr.edu</subfield></datafield><datafield ind1=" " ind2="0" tag="651"><subfield code="a">San Pedro (Los Angeles, Calif.)</subfield><subfield code="v">Newspapers.</subfield></datafield><datafield ind1=" " ind2="7" tag="655"><subfield code="a">Newspapers.</subfield><subfield code="2">fast</subfield><subfield code="0">(OCoLC)fst01423814</subfield></datafield><datafield ind1=" " ind2="7" tag="651"><subfield code="a">California</subfield><subfield code="z">Los Angeles</subfield><subfield code="z">San Pedro.</subfield><subfield code="2">fast</subfield><subfield code="0">(OCoLC)fst01314165</subfield></datafield><datafield ind1=" " ind2=" " tag="752"><subfield code="a">United States</subfield><subfield code="b">California</subfield><subfield code="c">Los Angeles</subfield><subfield code="d">Torrance.</subfield></datafield><datafield ind1=" " ind2=" " tag="752"><subfield code="a">United States</subfield><subfield code="b">California</subfield><subfield code="c">Los Angeles</subfield><subfield code="d">Los Angeles.</subfield></datafield><datafield ind1="0" ind2="0" tag="780"><subfield code="t">San Pedro news-pliot</subfield><subfield code="w">(DLC)sn 95061114</subfield></datafield><datafield ind1=" " ind2=" " tag="936"><subfield code="a">May 14, 1984</subfield></datafield></record>